
@article{ggplot2,
	title = {ggplot2: Elegant Graphics for Data Analysis},
	author = {Wickham, Hadley},
	year = {2016},
	date = {2016},
	url = {https://ggplot2.tidyverse.org}
}

@article{GGally,
	title = {GGally: Extension to 'ggplot2'},
	author = {Schloerke, Barret and Cook, Di and Larmarange, Joseph and Briatte, Francois and Marbach, Moritz and Thoen, Edwin and Elberg, Amos and Crowley, Jason},
	year = {2021},
	date = {2021},
	url = {https://CRAN.R-project.org/package=GGally}
}
