
@article{patchwork,
	title = {patchwork: The Composer of Plots},
	author = {Pedersen, Thomas Lin},
	year = {2022},
	date = {2022},
	url = {https://CRAN.R-project.org/package=patchwork}
}

@article{ggplot2,
	title = {ggplot2: Elegant Graphics for Data Analysis},
	author = {Wickham, Hadley},
	year = {2016},
	date = {2016},
	url = {https://ggplot2.tidyverse.org}
}

@article{aRtsy,
	title = {aRtsy: Generative Art with 'ggplot2'},
	author = {Derks, Koen},
	year = {2022},
	date = {2022},
	url = {https://CRAN.R-project.org/package=aRtsy}
}

@article{janitor,
	title = {janitor: Simple Tools for Examining and Cleaning Dirty Data},
	author = {Firke, Sam},
	year = {2023},
	date = {2023},
	url = {https://CRAN.R-project.org/package=janitor}
}

@article{here,
	title = {here: A Simpler Way to Find Your Files},
	author = {{MÃ¼ller}, Kirill},
	year = {2020},
	date = {2020},
	url = {https://CRAN.R-project.org/package=here}
}

@article{matejka2017,
	title = {Same Stats, Different Graphs},
	author = {Matejka, Justin and Fitzmaurice, George},
	year = {2017},
	month = {05},
	date = {2017-05-02},
	journal = {Proceedings of the 2017 CHI Conference on Human Factors in Computing Systems},
	doi = {10.1145/3025453.3025912},
	url = {http://dx.doi.org/10.1145/3025453.3025912}
}

@article{ggstatsplot,
	title = {{\textbraceleft}Visualizations with statistical details: The {\textbraceleft}'ggstatsplot'{\textbraceright} approach{\textbraceright}},
	author = {Patil, Indrajeet},
	year = {2021},
	date = {2021},
	pages = {3167},
	volume = {6},
	doi = {10.21105/joss.03167},
	url = {https://doi.org/10.21105/joss.03167}
}

@article{VIM,
	title = {Imputation with the {\textbraceleft}R{\textbraceright} Package {\textbraceleft}VIM{\textbraceright}},
	author = {Kowarik, Alexander and Templ, Matthias},
	year = {2016},
	date = {2016},
	volume = {74},
	doi = {10.18637/jss.v074.i07}
}

@article{ggvoronoi,
	title = {ggvoronoi: Voronoi Diagrams and Heatmaps with 'ggplot2'},
	author = {Garrett, Robert C. and Nar, Austin and Fisher, Thomas J.},
	year = {2022},
	date = {2022},
	url = {https://CRAN.R-project.org/package=ggvoronoi}
}

@article{FactoMineR,
	title = {{\textbraceleft}FactoMineR{\textbraceright}: A Package for Multivariate Analysis},
	author = {{L\{\textasciicircum}e}, {S\'ebastien} and Josse, Julie and Husson, {Fran\c{\textbraceleft}c{\textbraceright}ois}},
	year = {2008},
	date = {2008},
	volume = {25},
	doi = {10.18637/jss.v025.i01}
}
