@article{a23325bf-6a64-3bba-a051-ebe1b2dce874,
 ISSN = {00031305},
 URL = {http://www.jstor.org/stable/2682899},
 author = {F. J. Anscombe},
 journal = {The American Statistician},
 number = {1},
 pages = {17--21},
 publisher = {[American Statistical Association, Taylor & Francis, Ltd.]},
 title = {Graphs in Statistical Analysis},
 urldate = {2023-10-16},
 volume = {27},
 year = {1973}
}

@article{10.1145/3231772,
author = {Szafir, Danielle Albers},
title = {The Good, the Bad, and the Biased: Five Ways Visualizations Can Mislead (and How to Fix Them)},
year = {2018},
issue_date = {July - August 2018},
publisher = {Association for Computing Machinery},
address = {New York, NY, USA},
volume = {25},
number = {4},
issn = {1072-5520},
url = {https://doi.org/10.1145/3231772},
doi = {10.1145/3231772},
journal = {Interactions},
month = {jun},
pages = {26â€“33},
numpages = {8}
}