@article{22ce6dd2-8ba7-35d9-b0f7-0f2d89e5d2e3,
 ISSN = {00031305},
 URL = {http://www.jstor.org/stable/2683443},
 author = {James Dickey and N. T. Gridgeman and M. C. S. Kingsley and I. J. Good and James E. Carlson and Daniel Gianola and Michael H. Kutner and Steve Selvin},
 journal = {The American Statistician},
 number = {3},
 pages = {131--134},
 publisher = {[American Statistical Association, Taylor & Francis, Ltd.]},
 title = {Letters to the Editor},
 urldate = {2023-10-16},
 volume = {29},
 year = {1975}
}


