
@article{matejka2017,
	title = {Same Stats, Different Graphs},
	author = {Matejka, Justin and Fitzmaurice, George},
	year = {2017},
	month = {05},
	date = {2017-05-02},
	journal = {Proceedings of the 2017 CHI Conference on Human Factors in Computing Systems},
	doi = {10.1145/3025453.3025912},
	url = {http://dx.doi.org/10.1145/3025453.3025912}
}
