
@article{patchwork,
	title = {patchwork: The Composer of Plots},
	author = {Pedersen, Thomas Lin},
	year = {2022},
	date = {2022},
	url = {https://CRAN.R-project.org/package=patchwork}
}

@article{ggplot2,
	title = {ggplot2: Elegant Graphics for Data Analysis},
	author = {Wickham, Hadley},
	year = {2016},
	date = {2016},
	url = {https://ggplot2.tidyverse.org}
}

@article{aRtsy,
	title = {aRtsy: Generative Art with 'ggplot2'},
	author = {Derks, Koen},
	year = {2022},
	date = {2022},
	url = {https://CRAN.R-project.org/package=aRtsy}
}
